



@misc{ BrentFactors,
  author =           {Crombie, J.},
  title =            {Factor collection $a^n \pm 1$},
  note =             {\href       {http://myfactorcollection.mooo.com:8090/}
                      {\texttt{http://myfactorcollection.mooo.com:8090/}}},
  printedkey =       {Cro}
}
@misc{ StdFFCyc,
  author =           {L{\"u}beck, F.},
  title =            {Standard  Generators of Finite Fields and their Cyclic
                      Subgroups},
  journal =          {arXiv},
  number =           {2107.02257},
  year =             {2022},
  note =             {\href               {https://arxiv.org/abs/2107.02257}
                      {\texttt{https://arxiv.org/}\discretionary
                      {}{}{}\texttt{abs/}\discretionary
                      {}{}{}\texttt{2107.02257}}},
  printedkey =       {L{\"u}b22}
}
@misc{ NTL,
  author =           {Shoup, V.},
  title =            {NTL: A library for doing Number Theory},
  note =             {\href                            {https://libntl.org/}
                      {\texttt{https://libntl.org/}}},
  printedkey =       {Sho}
}
@inproceedings{ ShoupMiPo,
  author =           {Shoup, V.},
  booktitle =        {Proceedings of the 1999 {I}nternational {S}ymposium on
                      {S}ymbolic and {A}lgebraic {C}omputation ({V}ancouver,
                      {BC})},
  title =            {Efficient   computation   of  minimal  polynomials  in
                      algebraic extensions of finite fields},
  publisher =        {ACM, New York},
  year =             {1999},
  pages =            {53--58},
  mrclass =          {12E20 (68W30)},
  mrnumber =         {1802067},
  url =              {https://doi.org/10.1145/309831.309859},
  doi =              {10.1145/309831.309859},
  printedkey =       {Sho99}
}
