@Misc{homalg-project,
author = "{homalg~project~authors}",
title = {The $\mathtt{homalg}$ project -- {A}lgorithmic {H}omological {A}lgebra},
year = {2003--2022},
howpublished = {(\url{https://homalg-project.github.io/prj/homalg_project})},
}

@book {Sch,
    AUTHOR = {Schenck, Hal},
     TITLE = {Computational algebraic geometry},
    SERIES = {London Mathematical Society Student Texts},
    VOLUME = {58},
 PUBLISHER = {Cambridge University Press},
   ADDRESS = {Cambridge},
      YEAR = {2003},
     PAGES = {xiv+193},
      ISBN = {0-521-82964-X; 0-521-53650-2},
   MRCLASS = {13-01 (13P99)},
  MRNUMBER = {MR2011360 (2004k:13001)},
MRREVIEWER = {Thomas Bayer},
}
