@article {MR3291816,
    AUTHOR = {Rump, Wolfgang},
     TITLE = {The brace of a classical group},
   JOURNAL = {Note Mat.},
  FJOURNAL = {Note di Matematica},
    VOLUME = {34},
      YEAR = {2014},
    NUMBER = {1},
     PAGES = {115--144},
      ISSN = {1123-2536},
   MRCLASS = {16Y99 (16T25 17A30 17B20)},
  MRNUMBER = {3291816},
}

@article {MR3177933,
    AUTHOR = {Ced{\'o}, Ferran and Jespers, Eric and Okni{\'n}ski, Jan},
     TITLE = {Braces and the {Y}ang-{B}axter equation},
   JOURNAL = {Comm. Math. Phys.},
  FJOURNAL = {Communications in Mathematical Physics},
    VOLUME = {327},
      YEAR = {2014},
    NUMBER = {1},
     PAGES = {101--116},
      ISSN = {0010-3616},
   MRCLASS = {81Q05 (16T25)},
  MRNUMBER = {3177933},
MRREVIEWER = {Gangcheng Wang},
       DOI = {10.1007/s00220-014-1935-y},
       URL = {https://doi.org/10.1007/s00220-014-1935-y},
}

@article {MR2278047,
    AUTHOR = {Rump, Wolfgang},
     TITLE = {Braces, radical rings, and the quantum {Y}ang-{B}axter
              equation},
   JOURNAL = {J. Algebra},
  FJOURNAL = {Journal of Algebra},
    VOLUME = {307},
      YEAR = {2007},
    NUMBER = {1},
     PAGES = {153--170},
      ISSN = {0021-8693},
     CODEN = {JALGA4},
   MRCLASS = {16Y99 (16W30)},
  MRNUMBER = {2278047 (2007m:16065)},
MRREVIEWER = {Gigel Militaru},
       DOI = {10.1016/j.jalgebra.2006.03.040},
       URL = {https://doi.org.sci-hub.org/10.1016/j.jalgebra.2006.03.040},
}


@article {MR3647970,
    AUTHOR = {Guarnieri, L. and Vendramin, L.},
     TITLE = {Skew braces and the {Y}ang--{B}axter equation},
   JOURNAL = {Math. Comp.},
  FJOURNAL = {Mathematics of Computation},
    VOLUME = {86},
      YEAR = {2017},
    NUMBER = {307},
     PAGES = {2519--2534},
      ISSN = {0025-5718},
   MRCLASS = {16T25 (81R50)},
  MRNUMBER = {3647970},
       DOI = {10.1090/mcom/3161},
       URL = {https://doi.org/10.1090/mcom/3161},
}

@article {MR3763907,
    AUTHOR = {Smoktunowicz, Agata and Vendramin, Leandro},
     TITLE = {On skew braces (with an appendix by {N}. {B}yott and {L}.
              {V}endramin)},
   JOURNAL = {J. Comb. Algebra},
  FJOURNAL = {Journal of Combinatorial Algebra},
    VOLUME = {2},
      YEAR = {2018},
    NUMBER = {1},
     PAGES = {47--86},
      ISSN = {2415-6302},
   MRCLASS = {16T25 (81)},
  MRNUMBER = {3763907},
       URL = {https://doi.org/10.4171/JCA/2-1-3},
}

