



@article{ BallesterBeidlemanCosseyEstebanRaglandSchmidt09,
  author =           {Ballester-Bolinches,  A.  and  Beidleman,  J.  C.  and
                      Cossey,  J.  and Esteban-Romero, R. and Ragland, M. F.
                      and Schmidt, J.},
  title =            {Permutable subnormal subgroups of finite groups},
  journal =          {Arch. Math.},
  volume =           {92},
  year =             {2009},
  pages =            {549-557},
  printedkey =       {BBCERS09}
}
@article{ BallesterBeidlemanHeineken03-commalg,
  author =           {Ballester-Bolinches,  A.  and  Beidleman,  J.  C.  and
                      Heineken, H.},
  title =            {A local approach to certain classes of finite groups},
  journal =          {Comm. Algebra},
  volume =           {31},
  number =           {12},
  year =             {2003},
  pages =            {5931-5942},
  printedkey =       {BBH03}
}
@article{ BallesterBeidlemanHeineken03-illinois,
  author =           {Ballester-Bolinches,  A.  and  Beidleman,  J.  C.  and
                      Heineken, H.},
  title =            {Groups   in  which  {S}ylow  subgroups  and  subnormal
                      subgroups permute},
  journal =          {Illinois J. Math},
  volume =           {47},
  number =           {1-2},
  year =             {2003},
  pages =            {63-69},
  printedkey =       {BBH03}
}
@article{ BallesterBeidlemanHeineken03,
  author =           {Ballester-Bolinches,  A.  and  Beidleman,  J.  C.  and
                      Heineken, H.},
  title =            {A local approach to certain classes of finite groups},
  journal =          {Comm. Algebra},
  volume =           {31},
  number =           {12},
  year =             {2003},
  pages =            {5931-5942},
  printedkey =       {BBH03}
}
@article{ BallesterEsteban02-sylper1,
  author =           {Ballester-Bolinches, A. and Esteban-Romero, R.},
  title =            {{S}ylow   permutable  subnormal  subgroups  of  finite
                      groups},
  journal =          {J. Algebra},
  volume =           {251},
  number =           {2},
  year =             {2002},
  pages =            {727-738},
  printedkey =       {BE02}
}
@book{ BallesterEstebanAsaad10,
  author =           {Ballester-Bolinches,  A.  and  Esteban-Romero,  R. and
                      Asaad, M.},
  title =            {Products of finite groups},
  publisher =        {Walter de Gruyter},
  address =          {Berlin},
  year =             {2010},
  printedkey =       {BEA10}
}
@article{ BallesterCosmeEsteban13-cejm,
  author =           {Ballester-Bolinches,  A. and Cosme-Ll{\a'o}pez, E. and
                      Esteban-Romero, R.},
  title =            {Algorithms for permutability in finite groups},
  journal =          {Cent. Eur. J. Math.},
  volume =           {11},
  number =           {11},
  year =             {2013},
  pages =            {1914-1922},
  printedkey =       {BCE13}
}
@article{ BallesterEstebanRagland07,
  author =           {Ballester-Bolinches,  A.  and  Esteban-Romero,  R. and
                      Ragland, M.},
  title =            {A note on finite {PST}-groups},
  journal =          {J. Group Theory},
  volume =           {10},
  number =           {2},
  year =             {2007},
  pages =            {205-210},
  printedkey =       {BER07}
}
@article{ BallesterEstebanRagland09,
  author =           {Ballester-Bolinches,  A.  and  Esteban-Romero,  R. and
                      Ragland, M.},
  title =            {Corrigendum: A note on finite {PST}-groups},
  journal =          {J. Group Theory},
  volume =           {12},
  number =           {6},
  year =             {2009},
  pages =            {961-963},
  printedkey =       {BER09}
}
@article{ BeidlemanBrewsterRobinson99,
  author =           {Beidleman,  J. C. and Brewster, B. and Robinson, D. J.
                      S.},
  title =            {Criteria  for Permutability to Be Transitive in Finite
                      Groups},
  journal =          {J. Algebra},
  volume =           {222},
  number =           {2},
  year =             {1999},
  pages =            {400-412},
  printedkey =       {BBR99}
}
@article{ BeidlemanHeineken03-jgt,
  author =           {Beidleman, J. C. and Heineken, H.},
  title =            {Finite   soluble   groups  whose  subnormal  subgroups
                      permute with certain classes of subgroups},
  journal =          {J. Group Theory},
  volume =           {6},
  number =           {2},
  year =             {2003},
  pages =            {139-158},
  keywords =         {\texttt{\symbol{123}}PST-groups;  subnormal subgroups;
                      Carter      subgroups;     hypercentrally     embedded
                      subgroups\texttt{\symbol{125}}},
  classmath =        {\texttt{\symbol{123}}*20D10   Solvable  finite  groups
                      20D35  Subnormal  subgroups  of  finite  groups  20D40
                      Products       of       subgroups       of      finite
                      groups\texttt{\symbol{125}}},
  printedkey =       {BH03},
  reviewer =         {\texttt{\symbol{123}}Hans                       Lausch
                      (Clayton)\texttt{\symbol{125}}}
}
@article{ Deskins63,
  author =           {Deskins, W. E.},
  title =            {On quasinormal subgroups of finite groups},
  journal =          {Math. Z.},
  volume =           {82},
  year =             {1963},
  pages =            {125-132},
  printedkey =       {Des63}
}
@article{ Foguel97,
  author =           {Foguel, T.},
  title =            {Conjugate-permutable subgroups},
  journal =          {J. Algebra},
  volume =           {191},
  year =             {1997},
  pages =            {235-239},
  printedkey =       {Fog97}
}
@book{ Huppert67,
  author =           {Huppert, B.},
  title =            {{E}ndliche {G}ruppen {I}},
  publisher =        {Springer},
  series =           {Grund. Math. Wiss.},
  volume =           {134},
  address =          {Berlin, Heidelberg, New York},
  year =             {1967},
  printedkey =       {Hup67}
}
@article{ Kegel62,
  author =           {Kegel, O. H.},
  title =            {{S}ylow-{G}ruppen   und   {S}ubnormalteiler  endlicher
                      {G}ruppen},
  journal =          {Math. Z.},
  volume =           {78},
  year =             {1962},
  pages =            {205-221},
  printedkey =       {Keg62}
}
@article{ MaierSchmid73,
  author =           {Maier, R. and Schmid, P.},
  title =            {The  Embedding  of  Quasinormal  Subgroups  in  Finite
                      Groups},
  journal =          {Math. Z.},
  volume =           {131},
  year =             {1973},
  pages =            {269-272},
  printedkey =       {MS73}
}
@article{ Robinson68,
  author =           {Robinson, D. J. S.},
  title =            {A   note  on  finite  groups  in  which  normality  is
                      transitive},
  journal =          {Proc. Amer. Math. Soc.},
  volume =           {19},
  year =             {1968},
  pages =            {933-937},
  printedkey =       {Rob68}
}
@book{ Schmidt94,
  author =           {Schmidt, R.},
  title =            {Subgroup lattices of groups},
  publisher =        {Walter de Gruyter},
  series =           {De Gruyter Expositions in Mathematics},
  volume =           {14},
  address =          {Berlin},
  year =             {1994},
  isbn =             {3110112132},
  keywords =         {\texttt{\symbol{123}}modular   lattices;  complements;
                      projectivities;  subgroup lattices; lattices of normal
                      subgroups;  lattices  of subnormal subgroups; lattices
                      of          centralizers;          lattices         of
                      cosets\texttt{\symbol{125}}},
  classmath =        {\texttt{\symbol{123}}*20-02 Research monographs (group
                      theory)  20E15  Chains  and  lattices  of subgroups of
                      groups  20D30  Series  and  lattices  of  subgroups of
                      finite   groups   06B15   Representation   theory   of
                      lattices\texttt{\symbol{125}}},
  printedkey =       {Sch94},
  reviewer =         {\texttt{\symbol{123}}H.Heineken
                      (W{\"u}rzburg)\texttt{\symbol{125}}}
}
@article{ Schmid98,
  author =           {Schmid, P.},
  title =            {Subgroups Permutable with All {S}ylow Subgroups},
  journal =          {J. Algebra},
  volume =           {207},
  year =             {1998},
  pages =            {285-293},
  printedkey =       {Sch98}
}
@manual{ EickWright03-FORMAT,
  author =           {Eick, B. and Wright, C. R. B.},
  title =            {GAP  package  FORMAT  --- Computing with formations of
                      finite solvable groups v.\texttt{\symbol{126}}1.3},
  year =             {2003},
  note =             {Available                   on                   \href
                      {https://www.uoregon.edu/~wright/RESEARCH/format/}
                      {\texttt{https://www.uoregon.edu/}\discretionary
                      {}{}{}\texttt{\texttt{\symbol{126}}wright/}\discretionary
                      {}{}{}\texttt{RESEARCH/}\discretionary
                      {}{}{}\texttt{format/}} (last visited 30th July 2015)},
  printedkey =       {EW03}
}
