@Misc{homalg-project,
author = "{homalg~project~authors}",
title = {The $\mathtt{homalg}$ project -- {A}lgorithmic {H}omological {A}lgebra},
year = {2003--2022},
howpublished = {(\url{https://homalg-project.github.io/prj/homalg_project})},
}

@manual{homalg-package,
author = {Barakat, Mohamed and Lange-Hegermann, Markus},
title = {The $\mathtt{homalg}$ package -- {A} homological algebra $\mathsf{GAP4}$ meta-package for computable {A}belian categories},
year = {2007--2020},
note = {(\url{https://homalg-project.github.io/pkg/homalg})},
}

@INPROCEEDINGS{BREACA,
      author = {Barakat, Mohamed and Robertz, Daniel},
       title = {\href{https://algebra.mathematik.uni-siegen.de/barakat/eaca/homalg_eaca06.pdf}{$\mathtt{homalg}$: {F}irst steps} to an abstract package for homological algebra},
   booktitle = {Proceedings of the X meeting on computational algebra and its applications - \href{http://alojamientos.us.es/eaca2006/eaca2006_eng.html}{EACA 2006}},
        year = {2006},
       month = {September},
         day = {7--9},
     address = {Sevilla, Spain},
       pages = {29--32},
}

@article{BL,
    AUTHOR = {Barakat, Mohamed and Lange-Hegermann, Markus},
  keywords = {BarakatReviewed},
     TITLE = {An axiomatic setup for algorithmic homological algebra and an alternative approach to localization},
   JOURNAL = {J.~Algebra Appl.},
  FJOURNAL = {Journal of Algebra and its Applications},
    VOLUME = {10},
      YEAR = {2011},
    NUMBER = {2},
     PAGES = {269--293},
   MRCLASS = {18E10 (18E25)},
  MRNUMBER = {2795737 (2012f:18022)},
  DOI = {10.1142/S0219498811004562},
  URL = {https://dx.doi.org/10.1142/S0219498811004562},
}
