



@misc{ GAP4410,
  title =            {\textsf{GAP} {\textendash} {G}roups, {A}lgorithms, and
                      {P}rogramming, {V}ersion 4.4.10},
  month =            {Oct},
  organization =     {The GAP{\nobreakspace}Group},
  year =             {2007},
  howpublished =     {\href                     {https://www.gap-system.org}
                      {\texttt{https://www.gap-system.org}}},
  key =              {GAP},
  keywords =         {groups; *; gap; manual}
}
@misc{ GAP483,
  title =            {\textsf{GAP} {\textendash} {G}roups, {A}lgorithms, and
                      {P}rogramming, {V}ersion 4.8.3},
  organization =     {The GAP{\nobreakspace}Group},
  year =             {2016},
  howpublished =     {\href                     {https://www.gap-system.org}
                      {\texttt{https://www.gap-system.org}}},
  key =              {GAP},
  keywords =         {groups; *; gap; manual}
}
@misc{ GAP,
  title =            {\textsf{GAP} {\textendash} {G}roups, {A}lgorithms, and
                      {P}rogramming, {V}ersion 4.11.1},
  month =            {Mar},
  organization =     {The GAP{\nobreakspace}Group},
  year =             {2021},
  howpublished =     {\href                     {https://www.gap-system.org}
                      {\texttt{https://www.gap-system.org}}},
  key =              {GAP},
  keywords =         {groups; *; gap; manual}
}
@misc{ AtlasRep,
  author =           {Wilson,  R. A. and Parker, R. A. and Nickerson, S. and
                      Bray, J. N. and Breuer, T.},
  title =            {{AtlasRep},  A \textsf{GAP} {I}nterface to the {A}tlas
                      of {G}roup {R}epresentations, {V}ersion 2.1},
  month =            {May},
  year =             {2019},
  note =             {\textsf{GAP} package},
  howpublished =     {\href
                      {https://www.math.rwth-aachen.de/~Thomas.Breuer/atlasrep}
                      {\texttt{https://www.math.rwth-aachen.de/}\discretionary
                      {}{}{}\texttt{\texttt{\symbol{126}}Thomas.Breuer/}\discretionary
                      {}{}{}\texttt{atlasrep}}},
  printedkey =       {WPNBB19}
}
@article{ BW07,
  author =           {Barraclough, R. W. and Wilson, R. A.},
  title =            {The  character  table  of  a  maximal  subgroup of the
                      {M}onster},
  journal =          {LMS J. Comput. Math.},
  volume =           {10},
  year =             {2007},
  pages =            {161{\textendash}175},
  fjournal =         {LMS Journal of Computation and Mathematics},
  mrclass =          {20C34 (20C15)},
  mrnumber =         {2308856},
  mrreviewer =       {Donald L. White},
  url =              {https://doi.org/10.1112/S1461157000001352},
  doi =              {10.1112/S1461157000001352},
  printedkey =       {BW07}
}
@misc{ Browse,
  author =           {Breuer, T. and L{\"u}beck, F.},
  title =            {{Browse}, ncurses interface and browsing applications,
                      {V}ersion 1.8.9},
  month =            {Jun},
  year =             {2018},
  note =             {\textsf{GAP} package},
  howpublished =     {\href        {https://www.math.rwth-aachen.de/~Browse}
                      {\texttt{https://www.math.rwth-aachen.de/}\discretionary
                      {}{}{}\texttt{\texttt{\symbol{126}}Browse}}},
  printedkey =       {BL18}
}
@article{ Bos90,
  author =           {Bosma, W.},
  title =            {Canonical bases for cyclotomic fields},
  journal =          {Appl. Algebra Engrg. Comm. Comput.},
  volume =           {1},
  number =           {2},
  year =             {1990},
  pages =            {125{\textendash}134},
  coden =            {AAECEW},
  fjournal =         {Applicable  Algebra  in Engineering, Communication and
                      Computing},
  issn =             {0938-1279},
  mrclass =          {11R18 (11Y40 20C15)},
  mrnumber =         {1325517 (95k:11135)},
  mrreviewer =       {Michel Olivier},
  url =              {http://dx.doi.org/10.1007/BF01810296},
  doi =              {10.1007/BF01810296},
  printedkey =       {Bos90}
}
@article{ Magma,
  author =           {Bosma, W. and Cannon, J. and Playoust, C.},
  title =            {The {M}agma algebra system. {I}. {T}he user language},
  journal =          {J. Symbolic Comput.},
  volume =           {24},
  number =           {3{\textendash}4},
  year =             {1997},
  pages =            {235{\textendash}265},
  fjournal =         {Journal of Symbolic Computation},
  issn =             {0747-7171},
  mrclass =          {68Q40},
  mrnumber =         {1484478},
  url =              {https://doi.org/10.1006/jsco.1996.0125},
  printedkey =       {BCP97}
}
@misc{ CP96,
  author =           {Cannon, J. J. and Playoust, C.},
  title =            {An introduction to algebraic programming in {Magma}},
  organization =     {School  of  Mathematics  and Statistics, University of
                      Sydney},
  address =          {Sydney, Australia},
  year =             {1996},
  howpublished =     {\href       {http://www.math.usyd.edu.au:8000/u/magma}
                      {\texttt{http://www.math.usyd.edu.au:8000/}\discretionary
                      {}{}{}\texttt{u/}\discretionary {}{}{}\texttt{magma}}},
  printedkey =       {CP96}
}
@misc{ JSON,
  editor =           {Bray, T.},
  title =            {The JavaScript Object Notation (JSON) Data Interchange
                      Format},
  month =            {Mar},
  year =             {2014},
  howpublished =     {\href         {http://www.rfc-editor.org/info/rfc7159}
                      {\texttt{http://www.rfc-editor.org/}\discretionary
                      {}{}{}\texttt{info/}\discretionary
                      {}{}{}\texttt{rfc7159}}},
  key =              {JSON},
  doi =              {10.17487/RFC7159}
}
@misc{ AmbigFus,
  author =           {Breuer, T.},
  title =            {Ambiguous  Class Fusions in the \textsf{GAP} Character
                      Table Library},
  howpublished =     {\href
                      {https://www.math.rwth-aachen.de/~Thomas.Breuer/ctbllib/doc2/manual.pdf}
                      {\texttt{https://www.math.rwth-aachen.de/}\discretionary
                      {}{}{}\texttt{\texttt{\symbol{126}}Thomas.Breuer/}\discretionary
                      {}{}{}\texttt{ctbllib/}\discretionary
                      {}{}{}\texttt{doc2/}\discretionary
                      {}{}{}\texttt{manual.pdf}}},
  printedkey =       {Bre}
}
@misc{ Auto,
  author =           {Breuer, T.},
  title =            {Using  Table  Automorphisms for Constructing Character
                      Tables in \textsf{GAP}},
  howpublished =     {\href
                      {https://www.math.rwth-aachen.de/~Thomas.Breuer/ctbllib/doc2/manual.pdf}
                      {\texttt{https://www.math.rwth-aachen.de/}\discretionary
                      {}{}{}\texttt{\texttt{\symbol{126}}Thomas.Breuer/}\discretionary
                      {}{}{}\texttt{ctbllib/}\discretionary
                      {}{}{}\texttt{doc2/}\discretionary
                      {}{}{}\texttt{manual.pdf}}},
  printedkey =       {Bre}
}
@misc{ CCE,
  author =           {Breuer, T.},
  title =            {Constructing Character Tables of Central Extensions in
                      \textsf{GAP}},
  howpublished =     {\href
                      {https://www.math.rwth-aachen.de/~Thomas.Breuer/ctbllib/doc2/manual.pdf}
                      {\texttt{https://www.math.rwth-aachen.de/}\discretionary
                      {}{}{}\texttt{\texttt{\symbol{126}}Thomas.Breuer/}\discretionary
                      {}{}{}\texttt{ctbllib/}\discretionary
                      {}{}{}\texttt{doc2/}\discretionary
                      {}{}{}\texttt{manual.pdf}}},
  printedkey =       {Bre}
}
@misc{ ctblpope,
  author =           {Breuer, T.},
  title =            {Permutation {C}haracters in \textsf{GAP}},
  howpublished =     {\href
                      {https://www.math.rwth-aachen.de/~Thomas.Breuer/ctbllib/doc2/manual.pdf}
                      {\texttt{https://www.math.rwth-aachen.de/}\discretionary
                      {}{}{}\texttt{\texttt{\symbol{126}}Thomas.Breuer/}\discretionary
                      {}{}{}\texttt{ctbllib/}\discretionary
                      {}{}{}\texttt{doc2/}\discretionary
                      {}{}{}\texttt{manual.pdf}}},
  printedkey =       {Bre}
}
@incollection{ BMO17,
  author =           {Breuer, T. and Malle, G. and O'Brien, E. A.},
  booktitle =        {Finite  simple  groups:  thirty years of the atlas and
                      beyond},
  title =            {Reliability and reproducibility of {A}tlas information},
  publisher =        {Amer. Math. Soc.},
  series =           {Contemp. Math.},
  volume =           {694},
  address =          {Providence, RI},
  year =             {2017},
  pages =            {21{\textendash}31},
  crossref =         {Atlas2017},
  mrclass =          {20-00 (20-04)},
  mrnumber =         {3682588},
  printedkey =       {BMO17}
}
@misc{ AtlasVerifyLargeArxiv,
  author =           {Breuer, T.},
  title =            {Constructing  the  ordinary  character  tables of some
                      {A}tlas groups using character theoretic methods.},
  howpublished =     {\href        {https://export.arxiv.org/abs/1604.00754}
                      {arXiv:1604.00754}},
  printedkey =       {Bre}
}
@misc{ ProbGenArxiv,
  author =           {Breuer, T.},
  title =            {\textsf{GAP}   computations  concerning  probabilistic
                      generation of finite simple groups},
  howpublished =     {\href         {https://export.arxiv.org/abs/0710.3267}
                      {arXiv:0710.3267}},
  printedkey =       {Bre}
}
@article{ Bre11,
  author =           {Breuer, T.},
  title =            {Computing character tables of groups of type {$M.G.A$}},
  journal =          {LMS J. Comput. Math.},
  volume =           {14},
  year =             {2011},
  pages =            {173{\textendash}178},
  fjournal =         {LMS Journal of Computation and Mathematics},
  issn =             {1461-1570},
  mrclass =          {20C15 (20C40)},
  mrnumber =         {2831228},
  url =              {http://dx.doi.org/10.1112/S1461157010000318},
  doi =              {10.1112/S1461157010000318},
  printedkey =       {Bre11}
}
@article{ Be00,
  author =           {Bereczky, {\a'A}.},
  title =            {Maximal  overgroups  of {S}inger elements in classical
                      groups},
  journal =          {J. Algebra},
  volume =           {234},
  number =           {1},
  year =             {2000},
  pages =            {187{\textendash}206},
  coden =            {JALGA4},
  fjournal =         {Journal of Algebra},
  issn =             {0021-8693},
  mrclass =          {20G40},
  mrnumber =         {1799483 (2002a:20049)},
  mrreviewer =       {Cheryl E. Praeger},
  url =              {http://dx.doi.org/10.1006/jabr.2000.8458},
  doi =              {10.1006/jabr.2000.8458},
  printedkey =       {Ber00}
}
@article{ BGK,
  author =           {Breuer, T. and Guralnick, R. M. and Kantor, W. M.},
  title =            {Probabilistic generation of finite simple groups, {II}},
  journal =          {J. Algebra},
  volume =           {320},
  number =           {2},
  year =             {2008},
  pages =            {443{\textendash}494},
  coden =            {JALGA4},
  issn =             {0021-8693},
  mrclass =          {20P05 (20D05)},
  mrnumber =         {2422303 (2010e:20096)},
  url =              {http://dx.doi.org/10.1016/j.jalgebra.2007.10.028},
  doi =              {10.1016/j.jalgebra.2007.10.028},
  printedkey =       {BGK08}
}
@article{ BW1,
  author =           {Brenner, J. L. and Wiegold, J.},
  title =            {Two-generator groups. {I}},
  journal =          {Michigan Math. J.},
  volume =           {22},
  year =             {1975},
  pages =            {53{\textendash}64},
  fjournal =         {The Michigan Mathematical Journal},
  issn =             {0026-2285},
  mrclass =          {20D99},
  mrnumber =         {0372033 (51 \#8250)},
  mrreviewer =       {Morris Newman},
  printedkey =       {BW75}
}
@misc{ BG21,
  author =           {Breuer, T. and Guralnick, R. M.},
  title =            {Finite  groups can be generated by a pi-subgroup and a
                      pi'-subgroup},
  howpublished =     {\href               {https://arxiv.org/abs/2103.17216}
                      {arXiv:2103.17216}},
  printedkey =       {BG}
}
@article{ BMverify,
  author =           {Breuer, T. and Magaard, K. and Wilson, R. A.},
  title =            {Verification  of  the  ordinary character table of the
                      {B}aby {M}onster},
  journal =          {J. Algebra},
  volume =           {561},
  year =             {2020},
  pages =            {111{\textendash}130},
  fjournal =         {Journal of Algebra},
  issn =             {0021-8693},
  mrclass =          {20C15 (20C40 20D08),},
  mrnumber =         {4135540},
  url =              {https://doi.org/10.1016/j.jalgebra.2019.06.047},
  doi =              {10.1016/j.jalgebra.2019.06.047},
  printedkey =       {BMW20}
}
@misc{ Mverify,
  author =           {Breuer, T. and Magaard, K. and Wilson, R. A.},
  title =            {Verification  of  the  ordinary character table of the
                      {M}onster},
  year =             {2020},
  printedkey =       {BMW20}
}
@article{ BP98copy,
  author =           {Breuer, T. and Pfeiffer, G.},
  title =            {Finding possible permutation characters},
  journal =          {J. Symbolic Comput.},
  volume =           {26},
  number =           {3},
  year =             {1998},
  pages =            {343{\textendash}354},
  fjournal =         {Journal of Symbolic Computation},
  issn =             {0747-7171},
  mrclass =          {20B99 (20B40 20C15 20C40)},
  mrnumber =         {1633876 (99e:20005)},
  mrreviewer =       {Cheryl E. Praeger},
  url =              {http://dx.doi.org/10.1006/jsco.1998.0217},
  doi =              {10.1006/jsco.1998.0217},
  printedkey =       {BP98}
}
@misc{ BM05,
  author =           {Breuer, T. and M{\"u}ller, J.},
  title =            {Character    tables    of    endomorphism   rings   of
                      multiplicity-free  permutation modules of the sporadic
                      simple groups and their cyclic and bicyclic extensions},
  year =             {2005},
  howpublished =     {\href
                      {https://www.math.rwth-aachen.de/~Juergen.Mueller/mferctbl/mferctbl.html}
                      {\texttt{https://www.math.rwth-aachen.de/}\discretionary
                      {}{}{}\texttt{\texttt{\symbol{126}}Juergen.Mueller/}\discretionary
                      {}{}{}\texttt{mferctbl/}\discretionary
                      {}{}{}\texttt{mferctbl.html}}},
  printedkey =       {BM05}
}
@misc{ CTblLib,
  author =           {Breuer, T.},
  title =            {The   \textsf{GAP}   {C}haracter   {T}able  {L}ibrary,
                      {V}ersion 1.3.3},
  month =            {Jan},
  year =             {2022},
  note =             {\textsf{GAP} package},
  howpublished =     {\href
                      {https://www.math.rwth-aachen.de/~Thomas.Breuer/ctbllib}
                      {\texttt{https://www.math.rwth-aachen.de/}\discretionary
                      {}{}{}\texttt{\texttt{\symbol{126}}Thomas.Breuer/}\discretionary
                      {}{}{}\texttt{ctbllib}}},
  printedkey =       {Bre22}
}
@article{ BGS11,
  author =           {Burness, T. C. and Guralnick, R. M. and Saxl, J.},
  title =            {On base sizes for symmetric groups},
  journal =          {Bull. Lond. Math. Soc.},
  volume =           {43},
  number =           {2},
  year =             {2011},
  pages =            {386{\textendash}391},
  fjournal =         {Bulletin of the London Mathematical Society},
  issn =             {0024-6093},
  mrclass =          {20B15 (20B30 20D06 20P05)},
  mrnumber =         {2781219 (2012d:20003)},
  mrreviewer =       {Colva M. Roney-Dougal},
  url =              {http://dx.doi.org/10.1112/blms/bdq123},
  doi =              {10.1112/blms/bdq123},
  printedkey =       {BGS11}
}
@mastersthesis{ Cla05,
  author =           {Cla{\ss}en-Houben, M.},
  title =            {Jordan-{Z}erlegung   der   {C}haraktere   f{\"u}r  die
                      \textsf{GAP}-{C}haraktertafeln der endlichen {G}ruppen
                      vom {L}ie-{T}yp},
  school =           {Lehrstuhl     D    f{\"u}r    Mathematik,    Rheinisch
                      Westf{\"a}lische Technische Hochschule},
  address =          {Aachen, Germany},
  year =             {2005},
  printedkey =       {Cla05},
  type =             {Diplomarbeit}
}
@article{ Dad66,
  author =           {Dade, E. C.},
  title =            {Blocks with cyclic defect groups},
  journal =          {Ann. of Math. (2)},
  volume =           {84},
  year =             {1966},
  pages =            {20{\textendash}48},
  fjournal =         {Annals of Mathematics. Second Series},
  issn =             {0003-486X},
  mrclass =          {20.80},
  mrnumber =         {0200355},
  mrreviewer =       {C. W. Curtis},
  url =              {http://dx.doi.org/10.2307/1970529},
  doi =              {10.2307/1970529},
  printedkey =       {Dad66}
}
@mastersthesis{ Dan06,
  author =           {Dany, S.},
  title =            {Berechnung     von     {C}haraktertafeln     zentraler
                      {E}rweiterungen ausgew{\"a}hlter {G}ruppen},
  school =           {Lehrstuhl     D    f{\"u}r    Mathematik,    Rheinisch
                      Westf{\"a}lische Technische Hochschule},
  address =          {Aachen, Germany},
  year =             {2006},
  printedkey =       {Dan06},
  type =             {Diplomarbeit}
}
@article{ Dem72,
  author =           {Dempwolff, U.},
  title =            {On  extensions of an elementary abelian group of order
                      {$2^{5}$} by {${\rm GL}(5,\,2)$}},
  journal =          {Rend. Sem. Mat. Univ. Padova},
  volume =           {48},
  year =             {1972},
  pages =            {359{\textendash}364 (1973)},
  fjournal =         {Rendiconti     del    Seminario    Matematico    della
                      Universit{\a`a} di Padova. The Mathematical Journal of
                      the University of Padova},
  issn =             {0041-8994},
  mrclass =          {20K35},
  mrnumber =         {0393276 (52 \texttt{\symbol{92}}\#14086)},
  mrreviewer =       {L. Ribes},
  printedkey =       {Dem72}
}
@article{ DNT,
  author =           {Dolfi, S. and Navarro, G. and Tiep, P. H.},
  title =            {Finite   groups   whose  same  degree  characters  are
                      {G}alois conjugate},
  journal =          {Israel J. Math.},
  volume =           {198},
  number =           {1},
  year =             {2013},
  pages =            {283{\textendash}331},
  fjournal =         {Israel Journal of Mathematics},
  issn =             {0041-8994},
  mrclass =          {20C15},
  mrnumber =         {096641},
  mrreviewer =       {Adriana Nenciu},
  printedkey =       {DNT13}
}
@book{ Feit82,
  author =           {Feit, W.},
  title =            {The representation theory of finite groups},
  publisher =        {North-Holland Publishing Co.},
  series =           {North-Holland Mathematical Library},
  volume =           {25},
  year =             {1982},
  note =             {xiv+502 pp., ISBN 0-444-86155-6},
  mrclass =          {20-02 (20C20)},
  mrnumber =         {661045 (83g:20001)},
  mrreviewer =       {J. L. Alperin},
  printedkey =       {Fei82}
}
@article{ GK,
  author =           {Guralnick, R. M. and Kantor, W. M.},
  title =            {Probabilistic generation of finite simple groups},
  journal =          {J. Algebra},
  volume =           {234},
  number =           {2},
  year =             {2000},
  pages =            {743{\textendash}792},
  note =             {Special issue in honor of Helmut Wielandt},
  coden =            {JALGA4},
  fjournal =         {Journal of Algebra},
  issn =             {0021-8693},
  mrclass =          {20E32 (20D05 20P05)},
  mrnumber =         {1800754 (2002f:20038)},
  mrreviewer =       {Richard M. Thomas},
  url =              {http://dx.doi.org/10.1006/jabr.2000.8357},
  doi =              {10.1006/jabr.2000.8357},
  printedkey =       {GK00}
}
@misc{ GR20,
  author =           {Guralnick, R. M. and Robinson, G. R.},
  title =            {Commuting involutions and elementary abelian subgroups
                      of simple groups},
  howpublished =     {\href         {http://export.arxiv.org/abs/2012.08693}
                      {arXiv:2012.08693}},
  printedkey =       {GR}
}
@article{ Gag86,
  author =           {Gagola, Jr., S. M.},
  title =            {Formal character tables},
  journal =          {Michigan Math. J.},
  volume =           {33},
  number =           {1},
  year =             {1986},
  pages =            {3{\textendash}10},
  fjournal =         {The Michigan Mathematical Journal},
  issn =             {0026-2285},
  mrclass =          {20C99 (20C15)},
  mrnumber =         {817904 (86k:20010)},
  mrreviewer =       {Roderick Gow},
  url =              {http://dx.doi.org/10.1307/mmj/1029003285},
  doi =              {10.1307/mmj/1029003285},
  printedkey =       {GJ86}
}
@article{ GM01,
  author =           {Ganief, S. and Moori, J.},
  title =            {On the spread of the sporadic simple groups},
  journal =          {Comm. Algebra},
  volume =           {29},
  number =           {8},
  year =             {2001},
  pages =            {3239{\textendash}3255},
  coden =            {COALDM},
  fjournal =         {Communications in Algebra},
  issn =             {0092-7872},
  mrclass =          {20D08 (20P05)},
  mrnumber =         {1849484 (2002i:20025)},
  mrreviewer =       {Ronald Solomon},
  url =              {http://dx.doi.org/10.1081/AGB-100105019},
  doi =              {10.1081/AGB-100105019},
  printedkey =       {GM01}
}
@article{ GMN,
  author =           {Breuer,  T.  and Guralnick, R. M. and Lucchini, A. and
                      Mar{\a'o}ti, A. and Nagy, G. P.},
  title =            {Hamiltonian  cycles in the generating graphs of finite
                      groups},
  journal =          {Bull. London Math. Soc.},
  volume =           {42},
  number =           {4},
  year =             {2010},
  pages =            {621{\textendash}633},
  fjournal =         {Bulletin of the London Mathematical Society},
  issn =             {0024-6093},
  mrclass =          {20D60 (05C25 05C45 20P05)},
  mrnumber =         {2669683 (2012a:20046)},
  mrreviewer =       {Mihalis A. Sykiotis},
  url =              {http://dx.doi.org/10.1112/blms/bdq017},
  doi =              {10.1112/blms/bdq017},
  printedkey =       {BGLMN10}
}
@article{ GMS89,
  author =           {Griess  Jr., R. L. and Meierfrankenfeld, U. and Segev,
                      Y.},
  title =            {A uniqueness proof for the {M}onster},
  journal =          {Ann. of Math. (2)},
  volume =           {130},
  number =           {3},
  year =             {1989},
  pages =            {567{\textendash}602},
  fjournal =         {Annals of Mathematics. Second Series},
  issn =             {0003-486X},
  mrclass =          {20D08},
  mrnumber =         {1025167},
  mrreviewer =       {Gernot Stroth},
  url =              {https://doi.org/10.2307/1971455},
  printedkey =       {JMS89}
}
@article{ GPPS,
  author =           {Guralnick,  R. and Penttila, T. and Praeger, C. E. and
                      Saxl, J.},
  title =            {Linear  groups  with orders having certain large prime
                      divisors},
  journal =          {Proc. London Math. Soc.},
  volume =           {78},
  number =           {1},
  year =             {1999},
  pages =            {167{\textendash}214},
  coden =            {PLMTAL},
  fjournal =         {Proceedings  of the London Mathematical Society. Third
                      Series},
  issn =             {0024-6115},
  mrclass =          {20G40 (20C33 20E28 20E34)},
  mrnumber =         {1658168 (99m:20113)},
  mrreviewer =       {Jean Michel},
  url =              {http://dx.doi.org/10.1112/S0024611599001616},
  doi =              {10.1112/S0024611599001616},
  printedkey =       {GPPS99}
}
@book{ HL89,
  author =           {Hiss, G. and Lux, K.},
  title =            {Brauer trees of sporadic groups},
  publisher =        {The Clarendon Press, Oxford University Press},
  series =           {Oxford Science Publications},
  address =          {New York},
  year =             {1989},
  pages =            {x+526},
  isbn =             {0-19-853381-0},
  mrclass =          {20C20 (20-02 20D08)},
  mrnumber =         {1033265 (91k:20018)},
  mrreviewer =       {Harvey Blau},
  printedkey =       {HL89}
}
@article{ HL94,
  author =           {Hiss, G. and Lux, K.},
  title =            {The  {$5$}-modular  characters  of the sporadic simple
                      {F}ischer   groups   {${\rm  Fi}_{{22}}$}  and  {${\rm
                      Fi}_{{23}}$}},
  journal =          {Comm. Algebra},
  volume =           {22},
  number =           {9},
  year =             {1994},
  pages =            {3563{\textendash}3590},
  note =             {With an appendix by Thomas Breuer},
  coden =            {COALDM},
  fjournal =         {Communications in Algebra},
  issn =             {0092-7872},
  mrclass =          {20C34 (20C40)},
  mrnumber =         {1278806 (95e:20020)},
  mrreviewer =       {A. S. Kondrat{\ensuremath{'}}ev},
  url =              {http://dx.doi.org/10.1080/00927879408825042},
  doi =              {10.1080/00927879408825042},
  printedkey =       {HL94}
}
@mastersthesis{ Hoe01,
  author =           {H{\"o}hler, I.},
  title =            {Vielfachheitsfreie {P}ermutationsdarstellungen und die
                      {I}nvarianten zugeh{\"o}riger {G}raphen},
  school =           {Lehrstuhl     D    f{\"u}r    Mathematik,    Rheinisch
                      Westf{\"a}lische Technische Hochschule},
  address =          {Aachen, Germany},
  year =             {2001},
  printedkey =       {H{\"o}h01},
  type =             {Examensarbeit}
}
@misc{ cohomolo,
  author =           {Holt, D.},
  title =            {\textsf{cohomolo},  computing  cohomology  groups  and
                      {S}chur multipliers, {V}ersion 1.6},
  year =             {2008},
  note =             {\textsf{GAP} package},
  howpublished =     {\href   {http://www.maths.warwick.ac.uk/~dfh/cohomolo}
                      {\texttt{http://www.maths.warwick.ac.uk/}\discretionary
                      {}{}{}\texttt{\texttt{\symbol{126}}dfh/}\discretionary
                      {}{}{}\texttt{cohomolo}}},
  printedkey =       {Hol08}
}
@article{ HW04,
  author =           {Holmes, P. E. and Wilson, R. A.},
  title =            {{${\rm PSL}_2(59)$} is a subgroup of the {M}onster},
  journal =          {J. London Math. Soc.},
  volume =           {69},
  number =           {1},
  year =             {2004},
  pages =            {141{\textendash}152},
  coden =            {JLMSAK},
  issn =             {0024-6107},
  mrclass =          {20D08 (20D06)},
  mrnumber =         {2025332 (2004k:20035)},
  mrreviewer =       {Stephen D. Smith},
  url =              {http://dx.doi.org/10.1112/S0024610703004915},
  doi =              {10.1112/S0024610703004915},
  printedkey =       {HW04}
}
@article{ HW08,
  author =           {Holmes, P. E. and Wilson, R. A.},
  title =            {On subgroups of the {M}onster containing {$A_5$}'s},
  journal =          {J. Algebra},
  volume =           {319},
  number =           {7},
  year =             {2008},
  pages =            {2653{\textendash}2667},
  coden =            {JALGA4},
  issn =             {0021-8693},
  mrclass =          {20D08 (20E28)},
  mrnumber =         {2397402 (2009a:20028)},
  mrreviewer =       {Stephen D. Smith},
  url =              {http://dx.doi.org/10.1016/j.jalgebra.2003.11.014},
  doi =              {10.1016/j.jalgebra.2003.11.014},
  printedkey =       {HW08}
}
@article{ Jan76,
  author =           {Janko, Z.},
  title =            {A     new     finite    simple    group    of    order
                      {$86,775,571,046,077,562,880$}     which     possesses
                      {$M_{24}$}  and  the full covering group of {$M_{22}$}
                      as subgroups},
  journal =          {J. Algebra},
  volume =           {42},
  number =           {2},
  year =             {1976},
  pages =            {564{\textendash}596},
  fjournal =         {Journal of Algebra},
  issn =             {0021-8693},
  mrclass =          {20D05},
  mrnumber =         {0432751 (55 \#5734)},
  mrreviewer =       {Peter Landrock},
  printedkey =       {Jan76},
  sporsimp =         {J4},
  zblnumber =        {0344.20010}
}
@article{ Kle87,
  author =           {Kleidman, P. B.},
  title =            {The  maximal subgroups of the finite {$8$}-dimensional
                      orthogonal  groups  {$P\Omega^+_8(q)$}  and  of  their
                      automorphism groups},
  journal =          {J. Algebra},
  volume =           {110},
  number =           {1},
  year =             {1987},
  pages =            {173{\textendash}242},
  coden =            {JALGA4},
  fjournal =         {Journal of Algebra},
  issn =             {0021-8693},
  mrclass =          {20G40 (20D05)},
  mrnumber =         {904187 (88i:20070)},
  mrreviewer =       {Gernot Stroth},
  url =              {http://dx.doi.org/10.1016/0021-8693(87)90042-1},
  doi =              {10.1016/0021-8693(87)90042-1},
  printedkey =       {Kle87}
}
@book{ KlL90,
  author =           {Kleidman, P. and Liebeck, M.},
  title =            {The subgroup structure of the finite classical groups},
  publisher =        {Cambridge University Press},
  series =           {London Mathematical Society Lecture Note Series},
  volume =           {129},
  address =          {Cambridge},
  year =             {1990},
  pages =            {x+303},
  isbn =             {0-521-35949-X},
  mrclass =          {20-02 (20D06 20G40)},
  mrnumber =         {1057341 (91g:20001)},
  mrreviewer =       {R. W. Carter},
  url =              {http://dx.doi.org/10.1017/CBO9780511629235},
  doi =              {10.1017/CBO9780511629235},
  printedkey =       {KL90}
}
@article{ KW88,
  author =           {Kleidman, P. B. and Wilson, R. A.},
  title =            {The maximal subgroups of {$J_4$}},
  journal =          {Proc. London Math. Soc. (3)},
  volume =           {56},
  number =           {3},
  year =             {1988},
  pages =            {484{\textendash}510},
  coden =            {PLMTAL},
  fjournal =         {Proceedings  of the London Mathematical Society. Third
                      Series},
  issn =             {0024-6115},
  mrclass =          {20D08 (20E28)},
  mrnumber =         {931511 (89b:20044)},
  mrreviewer =       {Gernot Stroth},
  url =              {http://dx.doi.org/10.1112/plms/s3-56.3.484},
  doi =              {10.1112/plms/s3-56.3.484},
  printedkey =       {KW88}
}
@article{ LSS92,
  author =           {Liebeck, M. W. and Saxl, J. and Seitz, G. M.},
  title =            {Subgroups of maximal rank in finite exceptional groups
                      of {L}ie type},
  journal =          {Proc. London Math. Soc. (3)},
  volume =           {65},
  number =           {2},
  year =             {1992},
  pages =            {297{\textendash}325},
  fjournal =         {Proceedings  of the London Mathematical Society. Third
                      Series},
  issn =             {0024-6115},
  mrclass =          {20D06 (20E28 20G40)},
  mrnumber =         {1168190},
  mrreviewer =       {Ulrich Dempwolff},
  url =              {https://doi.org/10.1112/plms/s3-65.2.297},
  printedkey =       {LSS92}
}
@article{ LOST2010,
  author =           {Liebeck,  M.  W. and O'Brien, E. A. and Shalev, A. and
                      Tiep, P. H.},
  title =            {The {O}re conjecture},
  journal =          {J. Eur. Math. Soc. (JEMS)},
  volume =           {12},
  number =           {4},
  year =             {2010},
  pages =            {939{\textendash}1008},
  fjournal =         {Journal of the European Mathematical Society (JEMS)},
  issn =             {1435-9855},
  mrclass =          {20D05 (20C15 20D06)},
  mrnumber =         {2654085 (2011e:20016)},
  mrreviewer =       {Ronald Solomon},
  url =              {http://dx.doi.org/10.4171/JEMS/220},
  doi =              {10.4171/JEMS/220},
  printedkey =       {LOST10}
}
@misc{ LM03,
  author =           {Linton, S. A. and Mpono, S. A.},
  title =            {Multiplicity-free  permutation  characters of covering
                      groups of sporadic simple groups},
  howpublished =     {preprint},
  printedkey =       {LM}
}
@misc{ GAPDoc,
  author =           {L{\"u}beck, F. and Neunh{\"o}ffer, M.},
  title =            {\textsf{GAPDoc},  A  {M}eta {P}ackage for \textsf{GAP}
                      {D}ocumentation, {V}ersion 1.6.2},
  month =            {Oct},
  year =             {2018},
  note =             {\textsf{GAP} package},
  howpublished =     {\href
                      {https://www.math.rwth-aachen.de/~Frank.Luebeck/GAPDoc}
                      {\texttt{https://www.math.rwth-aachen.de/}\discretionary
                      {}{}{}\texttt{\texttt{\symbol{126}}Frank.Luebeck/}\discretionary
                      {}{}{}\texttt{GAPDoc}}},
  printedkey =       {LN18}
}
@book{ LP10,
  author =           {Lux, K. and Pahlings, H.},
  title =            {Representations of groups},
  publisher =        {Cambridge University Press},
  series =           {Cambridge Studies in Advanced Mathematics},
  volume =           {124},
  address =          {Cambridge},
  year =             {2010},
  pages =            {x+460},
  note =             {A computational approach},
  isbn =             {978-0-521-76807-8},
  mrclass =          {20C15 (20C20)},
  mrnumber =         {2680716 (2011j:20016)},
  mrreviewer =       {Shigeo Koshitani},
  printedkey =       {LP10}
}
@article{ LW91,
  author =           {Linton, S. A. and Wilson, R. A.},
  title =            {The  maximal  subgroups of the {F}ischer groups {${\rm
                      Fi}_{{24}}$} and {${\rm Fi}'_{{24}}$}},
  journal =          {Proc. London Math. Soc. (3)},
  volume =           {63},
  number =           {1},
  year =             {1991},
  pages =            {113{\textendash}164},
  coden =            {PLMTAL},
  fjournal =         {Proceedings  of the London Mathematical Society. Third
                      Series},
  issn =             {0024-6115},
  mrclass =          {20D08 (20E28)},
  mrnumber =         {1105720 (92h:20031)},
  mrreviewer =       {Gerard M. Enright},
  url =              {http://dx.doi.org/10.1112/plms/s3-63.1.113},
  doi =              {10.1112/plms/s3-63.1.113},
  printedkey =       {LW91}
}
@article{ MSW94,
  author =           {Malle, G. and Saxl, J. and Weigel, T.},
  title =            {Generation of classical groups},
  journal =          {Geom. Dedicata},
  volume =           {49},
  number =           {1},
  year =             {1994},
  pages =            {85{\textendash}116},
  coden =            {GEMDAT},
  fjournal =         {Geometriae Dedicata},
  issn =             {0046-5755},
  mrclass =          {20G40 (20D05 20F05)},
  mrnumber =         {1261575 (95c:20068)},
  mrreviewer =       {A. A. Makhnev},
  url =              {http://dx.doi.org/10.1007/BF01263536},
  doi =              {10.1007/BF01263536},
  printedkey =       {MSW94}
}
@phdthesis{ Mue03,
  author =           {M{\"u}ller, J.},
  title =            {On Endomorphism Rings and Character Tables},
  school =           {Lehrstuhl     D    f{\"u}r    Mathematik,    Rheinisch
                      Westf{\"a}lische Technische Hochschule},
  address =          {Aachen, Germany},
  year =             {2003},
  printedkey =       {M{\"u}l03},
  type =             {Habilitationsschrift}
}
@article{ Mue08,
  author =           {M{\"u}ller, J.},
  title =            {On  the  multiplicity-free  actions  of  the  sporadic
                      simple groups},
  journal =          {J. Algebra},
  volume =           {320},
  number =           {2},
  year =             {2008},
  pages =            {910{\textendash}926},
  coden =            {JALGA4},
  fjournal =         {Journal of Algebra},
  issn =             {0021-8693},
  mrclass =          {20D08 (05C25 20C34)},
  mrnumber =         {2422321 (2009d:20028)},
  mrreviewer =       {A. S. Kondrat{\ensuremath{'}}ev},
  url =              {http://dx.doi.org/10.1016/j.jalgebra.2008.01.040},
  doi =              {10.1016/j.jalgebra.2008.01.040},
  printedkey =       {M{\"u}l08}
}
@misc{ TomLib,
  author =           {Naughton, L. and Merkwitz, T. and Pfeiffer, G.},
  title =            {{TomLib}, The \textsf{GAP} Library of Tables of Marks,
                      {V}ersion 1.2.7},
  month =            {Oct},
  year =             {2018},
  note =             {GAP package},
  howpublished =     {\href             {http://schmidt.nuigalway.ie/tomlib}
                      {\texttt{http://schmidt.nuigalway.ie/}\discretionary
                      {}{}{}\texttt{tomlib}}},
  keywords =         {table  of  marks;  Burnside  matrix; subgroup lattice;
                      finite simple groups; Moebius function; Euler function},
  printedkey =       {NMP18}
}
@misc{ AtlasImpII,
  author =           {Norton, S. P.},
  title =            {{Improvements to the ATLAS{\textendash}II}},
  howpublished =     {\href
                      {http://brauer.maths.qmul.ac.uk/Atlas/info/fullatlasmods.html}
                      {\texttt{http://brauer.maths.qmul.ac.uk/}\discretionary
                      {}{}{}\texttt{Atlas/}\discretionary
                      {}{}{}\texttt{info/}\discretionary
                      {}{}{}\texttt{fullatlasmods.html}}},
  printedkey =       {Nor}
}
@misc{ ABCImp,
  title =            {{Improvements to the ATLAS of Brauer Characters}},
  organization =     {The MOC Group},
  howpublished =     {\href
                      {https://www.math.rwth-aachen.de/homes/MOC/ABCerr.html}
                      {\texttt{https://www.math.rwth-aachen.de/}\discretionary
                      {}{}{}\texttt{homes/}\discretionary
                      {}{}{}\texttt{MOC/}\discretionary
                      {}{}{}\texttt{ABCerr.html}}},
  printedkey =       {NOAUTHOROREDITOR{\textunderscore}SPECIFYKEY}
}
@book{ Nav98,
  author =           {Navarro, G.},
  title =            {Characters and blocks of finite groups},
  publisher =        {Cambridge University Press},
  series =           {London Mathematical Society Lecture Note Series},
  volume =           {250},
  address =          {Cambridge},
  year =             {1998},
  pages =            {x+287},
  isbn =             {0-521-59513-4},
  mrclass =          {20C20 (20-02 20C15)},
  mrnumber =         {1632299 (2000a:20018)},
  mrreviewer =       {Wolfgang Willems},
  url =              {http://dx.doi.org/10.1017/CBO9780511526015},
  doi =              {10.1017/CBO9780511526015},
  printedkey =       {Nav98}
}
@article{ NR14,
  author =           {Navarro, G. and Rizo, N.},
  title =            {Nilpotent  and  perfect  groups  with  the same set of
                      character degrees},
  journal =          {J. Algebra Appl.},
  volume =           {13},
  number =           {8},
  year =             {2014},
  pages =            {1450061, 3},
  fjournal =         {Journal of Algebra and its Applications},
  issn =             {0219-4988},
  mrclass =          {20C15 (20D15)},
  mrnumber =         {3225128},
  mrreviewer =       {Thomas Philip Wakefield},
  url =              {http://dx.doi.org/10.1142/S0219498814500613},
  doi =              {10.1142/S0219498814500613},
  printedkey =       {NR14}
}
@article{ NW02,
  author =           {Norton, S. P. and Wilson, R. A.},
  title =            {Anatomy of the {M}onster. {II}},
  journal =          {Proc. London Math. Soc. (3)},
  volume =           {84},
  number =           {3},
  year =             {2002},
  pages =            {581{\textendash}598},
  coden =            {PLMTAL},
  fjournal =         {Proceedings  of the London Mathematical Society. Third
                      Series},
  issn =             {0024-6115},
  mrclass =          {20D08 (20E28)},
  mrnumber =         {1888424 (2003b:20023)},
  mrreviewer =       {Mohammad-Reza Darafsheh},
  url =              {http://dx.doi.org/10.1112/S0024611502013357},
  doi =              {10.1112/S0024611502013357},
  printedkey =       {NW02}
}
@article{ NW12,
  author =           {Norton, S. P. and Wilson, R. A.},
  title =            {A correction to the $41$-structure of the {M}onster, a
                      construction of a new maximal subgroup {L$_2(41)$} and
                      a new {M}oonshine phenomenon},
  journal =          {J. Lond. Math. Soc. (2)},
  volume =           {87},
  number =           {3},
  year =             {2013},
  pages =            {943{\textendash}962},
  issn =             {0024-6107},
  mrclass =          {20D08 (20E28)},
  mrnumber =         {3073684},
  mrreviewer =       {Robert M. Guralnick},
  url =              {https://doi.org/10.1112/jlms/jds078},
  doi =              {10.1112/jlms/jds078},
  printedkey =       {NW13}
}
@article{ Pah07,
  author =           {Pahlings, H.},
  title =            {The character table of {$2^{1+22}_+.{\rm Co}_2$}},
  journal =          {J. Algebra},
  volume =           {315},
  number =           {1},
  year =             {2007},
  pages =            {301{\textendash}325},
  coden =            {JALGA4},
  fjournal =         {Journal of Algebra},
  issn =             {0021-8693},
  mrclass =          {20C34},
  mrnumber =         {2344348 (2008g:20023)},
  mrreviewer =       {Shigeo Koshitani},
  printedkey =       {Pah07}
}
@article{ Par77,
  author =           {Parrott, D.},
  title =            {On {T}hompson's simple group},
  journal =          {J. Algebra},
  volume =           {46},
  number =           {2},
  year =             {1977},
  pages =            {389{\textendash}404},
  fjournal =         {Journal of Algebra},
  issn =             {0021-8693},
  mrclass =          {20D05},
  mrnumber =         {0447396 (56 \#5708)},
  mrreviewer =       {David R. Mason},
  printedkey =       {Par77},
  sporsimp =         {Th}
}
@article{ Smi76c,
  author =           {Smith, P. E.},
  title =            {A simple subgroup of {$M?$} and {$E_8(3)$}},
  journal =          {Bull. London Math. Soc.},
  volume =           {8},
  number =           {2},
  year =             {1976},
  pages =            {161{\textendash}165},
  fjournal =         {The Bulletin of the London Mathematical Society},
  issn =             {0024-6093},
  mrclass =          {20D05},
  mrnumber =         {0409630 (53 \#13382)},
  mrreviewer =       {David C. Hunt},
  printedkey =       {Smi76},
  sporsimp =         {Th}
}
@article{ Str76b,
  author =           {Stroth, G.},
  title =            {A  characterization  of  {F}ischer's  sporadic  simple
                      group  of  the  order  {$2^{41} \cdot 3^{13} \cdot 5^6
                      \cdot 7^2 \cdot 11 \cdot 13 \cdot 17 \cdot 19 \cdot 23
                      \cdot 31 \cdot 47$}},
  journal =          {J. Algebra},
  volume =           {40},
  number =           {2},
  year =             {1976},
  pages =            {499{\textendash}531},
  fjournal =         {Journal of Algebra},
  issn =             {0021-8693},
  mrclass =          {20D05},
  mrnumber =         {0417277 (54 \#5334)},
  mrreviewer =       {David C. Hunt},
  printedkey =       {Str76},
  sporsimp =         {B}
}
@article{ SW99,
  author =           {Suleiman, I. A. I. and Wilson, R. A.},
  title =            {Construction of exceptional covers of generic groups},
  journal =          {Math. Proc. Cambridge Philos. Soc.},
  volume =           {125},
  number =           {1},
  year =             {1999},
  pages =            {31{\textendash}38},
  fjournal =         {Mathematical     Proceedings    of    the    Cambridge
                      Philosophical Society},
  issn =             {0305-0041},
  mrclass =          {20D08 (20C34)},
  mrnumber =         {1645505},
  url =              {https://doi.org/10.1017/S0305004198002722},
  printedkey =       {SW99}
}
@article{ Vdo00,
  author =           {Vdovin, E. P.},
  title =            {Large nilpotent subgroups of finite simple groups},
  journal =          {Algebra Log.},
  volume =           {39},
  number =           {5},
  year =             {2000},
  pages =            {526{\textendash}546, 630},
  fjournal =         {Algebra  i Logika. Institut Diskretno{\u\i} Matematiki
                      i Informatiki},
  issn =             {0373-9252},
  mrclass =          {20D06 (20D08 20D15)},
  mrnumber =         {1805754},
  mrreviewer =       {A. S. Kondrat{\ensuremath{'}}ev},
  url =              {http://dx.doi.org/10.1007/BF02681614},
  doi =              {10.1007/BF02681614},
  printedkey =       {Vdo00}
}
@article{ Wilson87,
  author =           {Wilson, R. A.},
  title =            {Some subgroups of the {B}aby {M}onster},
  journal =          {Invent. Math.},
  volume =           {89},
  number =           {1},
  year =             {1987},
  pages =            {197{\textendash}218},
  coden =            {INVMBH},
  fjournal =         {Inventiones Mathematicae},
  issn =             {0020-9910},
  mrclass =          {20D08 (20E28)},
  mrnumber =         {892191 (88d:20030)},
  mrreviewer =       {Bernd Baumann},
  url =              {http://dx.doi.org/10.1007/BF01404677},
  doi =              {10.1007/BF01404677},
  printedkey =       {Wil87}
}
@article{ Wilson88,
  author =           {Wilson, R. A.},
  title =            {The odd-local subgroups of the {M}onster},
  journal =          {J. Austral. Math. Soc. Ser. A},
  volume =           {44},
  number =           {1},
  year =             {1988},
  pages =            {1{\textendash}16},
  coden =            {JAMADS},
  fjournal =         {Australian  Mathematical  Society.  Journal. Series A.
                      Pure Mathematics and Statistics},
  issn =             {0263-6115},
  mrclass =          {20D08},
  mrnumber =         {914399 (88k:20038)},
  mrreviewer =       {Gernot Stroth},
  printedkey =       {Wil88}
}
@article{ Wilson93,
  author =           {Wilson, R. A.},
  title =            {Some new subgroups of the {B}aby {M}onster},
  journal =          {Bull. London Math. Soc.},
  volume =           {25},
  number =           {1},
  year =             {1993},
  pages =            {23{\textendash}28},
  coden =            {LMSBBT},
  fjournal =         {The Bulletin of the London Mathematical Society},
  issn =             {0024-6093},
  mrclass =          {20D08},
  mrnumber =         {1190359 (93j:20041)},
  mrreviewer =       {{\a`E}. M. Pal{\ensuremath{'}}chik},
  url =              {http://dx.doi.org/10.1112/blms/25.1.23},
  doi =              {10.1112/blms/25.1.23},
  printedkey =       {Wil93}
}
@article{ Wil93a,
  author =           {Wilson, R. A.},
  title =            {More on maximal subgroups of the {B}aby {M}onster},
  journal =          {Arch. Math. (Basel)},
  volume =           {61},
  number =           {6},
  year =             {1993},
  pages =            {497{\textendash}507},
  coden =            {ACVMAL},
  fjournal =         {Archiv der Mathematik},
  issn =             {0003-889X},
  mrclass =          {20D08},
  mrnumber =         {1254061 (95i:20021)},
  mrreviewer =       {David C. Hunt},
  printedkey =       {Wil93}
}
@article{ Wil98,
  author =           {Wilson, R. A.},
  title =            {The  {M}c{K}ay  conjecture  is  true  for the sporadic
                      simple groups},
  journal =          {J. Algebra},
  volume =           {207},
  number =           {1},
  year =             {1998},
  pages =            {294{\textendash}305},
  coden =            {JALGA4},
  fjournal =         {Journal of Algebra},
  issn =             {0021-8693},
  mrclass =          {20C34 (20D08 20D20)},
  mrnumber =         {1643110 (99h:20016)},
  mrreviewer =       {Jian Bei An},
  url =              {http://dx.doi.org/10.1006/jabr.1998.7450},
  doi =              {10.1006/jabr.1998.7450},
  printedkey =       {Wil98}
}
@article{ Wil99,
  author =           {Wilson, R. A.},
  title =            {The maximal subgroups of the {B}aby {M}onster. {I}},
  journal =          {J. Algebra},
  volume =           {211},
  number =           {1},
  year =             {1999},
  pages =            {1{\textendash}14},
  coden =            {JALGA4},
  fjournal =         {Journal of Algebra},
  issn =             {0021-8693},
  mrclass =          {20D08 (20E28)},
  mrnumber =         {1656568 (2000b:20016)},
  mrreviewer =       {Andrew Woldar},
  url =              {http://dx.doi.org/10.1006/jabr.1998.7601},
  doi =              {10.1006/jabr.1998.7601},
  printedkey =       {Wil99}
}
@book{ Wil09,
  author =           {Wilson, R. A.},
  title =            {The finite simple groups},
  publisher =        {Springer-Verlag London, Ltd.},
  series =           {Graduate Texts in Mathematics},
  volume =           {251},
  address =          {London},
  year =             {2009},
  pages =            {xvi+298},
  isbn =             {978-1-84800-987-5},
  mrclass =          {20D05},
  mrnumber =         {2562037},
  mrreviewer =       {Gernot Stroth},
  url =              {http://dx.doi.org/10.1007/978-1-84800-988-2},
  doi =              {10.1007/978-1-84800-988-2},
  printedkey =       {Wil09}
}
@incollection{ Wil10,
  author =           {Wilson, R. A.},
  booktitle =        {Moonshine: the first quarter century and beyond},
  title =            {New computations in the {M}onster},
  publisher =        {Cambridge Univ. Press},
  series =           {London Math. Soc. Lecture Note Ser.},
  volume =           {372},
  address =          {Cambridge},
  year =             {2010},
  pages =            {393{\textendash}403},
  crossref =         {Moonshine2010},
  mrclass =          {20D08 (20-02)},
  mrnumber =         {2681789 (2011i:20020)},
  mrreviewer =       {A. S. Kondrat{\ensuremath{'}}ev},
  printedkey =       {Wil10}
}
@misc{ Mmaxes,
  author =           {Wilson, R. A.},
  title =            {{ATLAS}: {M}onster group ${M}$},
  howpublished =     {\href    {http://brauer.maths.qmul.ac.uk/Atlas/spor/M}
                      {\texttt{http://brauer.maths.qmul.ac.uk/}\discretionary
                      {}{}{}\texttt{Atlas/}\discretionary
                      {}{}{}\texttt{spor/M}}},
  printedkey =       {Wil}
}
@proceedings{ Moonshine2010,
  editor =           {Lepowsky, J. and McKay, J. and Tuite, M. P.},
  booktitle =        {Proceedings   of   the   Workshop   on  the  Moonshine
                      Conjectures  and  Vertex  Algebras held at Heriot-Watt
                      University, Edinburgh, July 5{\textendash}13, 2004},
  title =            {Moonshine: the first quarter century and beyond},
  publisher =        {Cambridge University Press},
  series =           {London Mathematical Society Lecture Note Series},
  volume =           {372},
  address =          {Cambridge},
  year =             {2010},
  pages =            {xii+403},
  isbn =             {978-0-521-10664-1},
  mrclass =          {17-06 (20-06)},
  mrnumber =         {2724692 (2011e:17001)},
  printedkey =       {LMT10}
}
@proceedings{ Atlas2017,
  editor =           {Bhargava,  M.  and Guralnick, R. and Hiss, G. and Lux,
                      K. and Tiep, P. H.},
  booktitle =        {Proceedings    of    the    international   conference
                      celebrating   the   {A}tlases   and   honoring  {J}ohn
                      {C}onway,    held    at    {P}rinceton   {U}niversity,
                      {P}rinceton, {NJ}, {N}ovember 2{\textendash}5, 2015},
  title =            {Finite  simple groups: thirty years of the {A}tlas and
                      beyond},
  publisher =        {American Mathematical Society},
  series =           {Contemporary Mathematics},
  volume =           {694},
  address =          {Providence, RI},
  year =             {2017},
  pages =            {ix+229},
  isbn =             {978-1-4704-3678-0; 978-1-4704-4168-5},
  mrclass =          {20-06},
  mrnumber =         {3682583},
  printedkey =       {BGHLT17}
}
@misc{ AGRv3,
  author =           {Wilson,  R.  A.  and  Walsh,  P.  and  Tripp,  J.  and
                      Suleiman,  I.  and Parker, R. A. and Norton, S. P. and
                      Nickerson,  S. and Linton, S. and Bray, J. and Abbott,
                      R.},
  title =            {{ATLAS of Finite Group Representations}},
  howpublished =     {\href        {http://brauer.maths.qmul.ac.uk/Atlas/v3}
                      {\texttt{http://brauer.maths.qmul.ac.uk/}\discretionary
                      {}{}{}\texttt{Atlas/v3}}},
  key =              {ATLAS}
}
