



@article{ BM03,
  author =           {Bazzi, L. and Mitter, S. K.},
  title =            {Some Randomized Code Constructions From Group Actions},
  journal =          {IEEE Trans. Inform. Theory},
  volume =           {52},
  number =           {7},
  year =             {2006},
  pages =            {3210-3219},
  printedkey =       {BM06}
}
@article{ GDT91,
  author =           {Gabidulin, E. and Davydov, A. and Tombak, L.},
  title =            {Linear  codes  with  covering  radius  2 and other new
                      covering codes},
  journal =          {IEEE Trans. Inform. Theory},
  volume =           {37},
  number =           {1},
  year =             {1991},
  pages =            {219-224},
  printedkey =       {GDT91}
}
@incollection{ Gao03,
  author =           {Gao, S.},
  editor =           {Bhargava,  V. and Poor, H. V. and Tarokh, V. and Yoon,
                      S.},
  booktitle =        {Communications, Information and Network Security},
  title =            {A New Algorithm for Decoding {R}eed-{S}olomon Codes},
  publisher =        {Springer},
  address =          {Boston, MA},
  year =             {2003},
  pages =            {55-68},
  printedkey =       {Gao03}
}
@book{ GG03,
  author =           {von zur Gathen, J. and Gerhard, J.},
  title =            {Modern computer algebra},
  publisher =        {Cambridge University Press},
  year =             {2003},
  printedkey =       {GG03}
}
@article{ GS85,
  author =           {Graham, R. and Sloane, N.},
  title =            {On the Covering Radius of Codes},
  journal =          {IEEE Trans. Inform. Theory},
  volume =           {31},
  number =           {3},
  year =             {1985},
  pages =            {385-401},
  printedkey =       {GS85}
}
@incollection{ Han99,
  author =           {Hansen, J. P.},
  editor =           {Buchmann,  J.  and  H{\o}holdt, T. and Stichtenoth, H.
                      and Tapia-Recillas, H.},
  booktitle =        {Coding Theory, Cryptography and Related Areas},
  title =            {Toric Surfaces and Error-correcting Codes},
  publisher =        {Springer},
  address =          {Berlin Heidelberg},
  year =             {2000},
  pages =            {132-142},
  printedkey =       {Han00}
}
@article{ He72,
  author =           {Helgert, H. J.},
  title =            {Srivastava Codes},
  journal =          {IEEE Trans. Inform. Theory},
  month =            {March},
  volume =           {18},
  number =           {2},
  year =             {1972},
  pages =            {292-297},
  printedkey =       {Hel72}
}
@book{ HP03,
  author =           {Huffman, W. C. and Pless, V.},
  title =            {Fundamentals of error-correcting codes},
  publisher =        {Cambridge University Press},
  year =             {2003},
  printedkey =       {HP03}
}
@article{ Jo04,
  author =           {Joyner, D.},
  title =            {Toric codes over finite fields},
  journal =          {Appl. Algebra Engrg. Comm. Comput.},
  volume =           {15},
  number =           {1},
  year =             {2004},
  pages =            {63-79},
  printedkey =       {Joy04}
}
@book{ JH04,
  author =           {Justesen, J. and H{\o}holdt, T.},
  title =            {A course in Error-Correcting Codes},
  publisher =        {European Mathematical Society},
  series =           {EMS Textbooks in Mathematics},
  year =             {2004},
  printedkey =       {JH04}
}
@article{ Leon82,
  author =           {Leon, J. S.},
  title =            {Computing   automorphism  groups  of  error-correcting
                      codes},
  journal =          {IEEE Trans. Inform. Theory},
  month =            {May},
  volume =           {28},
  number =           {3},
  year =             {1982},
  pages =            {496-511},
  printedkey =       {Leo82}
}
@article{ Leon88,
  author =           {Leon, J. S.},
  title =            {A   probabilistic   algorithm  for  computing  minimum
                      weights of large error-correcting codes},
  journal =          {IEEE Trans. Inform. Theory},
  month =            {September},
  volume =           {34},
  number =           {5},
  year =             {1988},
  pages =            {1354-1359},
  printedkey =       {Leo88}
}
@article{ Leon91,
  author =           {Leon, J. S.},
  title =            {Permutation group algorithms based on partitions, {I}:
                      Theory and algorithms},
  journal =          {J. Symbolic Comput.},
  volume =           {12},
  number =           {4-5},
  year =             {1991},
  pages =            {533-583},
  printedkey =       {Leo91}
}
@book{ MS83,
  author =           {MacWilliams, F. J. and Sloane, N. J. A.},
  title =            {The theory of error-correcting codes},
  publisher =        {North-Holland},
  series =           {North-Holland Mathematical Library},
  volume =           {16},
  address =          {Amsterdam},
  year =             {1983},
  printedkey =       {MS83}
}
@book{ St93,
  author =           {Stichtenoth, H.},
  title =            {Algebraic Function Fields and Codes},
  publisher =        {Springer},
  series =           {Graduate Texts in Mathematics},
  volume =           {254},
  year =             {1993},
  printedkey =       {Sti93}
}
@misc{ Br,
  author =           {Brouwer, A. E.},
  title =            {Bounds on the minimum distance of linear codes},
  year =             {1997-2006},
  howpublished =     {\href                     {https://www.codetables.de/}
                      {\texttt{https://www.codetables.de/}}},
  printedkey =       {Bro06}
}
@article{ HHKK07,
  author =           {Harada,  M.  and  Holzmann,  W. and Kharaghani, H. and
                      Khorvash, M.},
  title =            {Extremal  Ternary  Self-Dual  Codes  Constructed  from
                      Negacirculant Matrices},
  journal =          {Graphs Combin.},
  volume =           {23},
  number =           {4},
  year =             {2007},
  pages =            {401-417},
  printedkey =       {HHKK07}
}
@article{ Sloane72,
  author =           {Sloane, N. and Reddy, S. and Chen, C.},
  title =            {New binary codes},
  journal =          {IEEE Trans. Inform. Theory},
  month =            {July},
  volume =           {18},
  number =           {4},
  year =             {1972},
  pages =            {503-510},
  printedkey =       {SRC72}
}
@article{ Alltop84,
  author =           {Alltop, W. O.},
  title =            {A method for extending binary linear codes},
  journal =          {IEEE Trans. Inform. Theory},
  volume =           {30},
  number =           {6},
  year =             {1984},
  pages =            {871-872},
  printedkey =       {All84}
}
@incollection{ Brouwer98,
  author =           {Brouwer, A. E.},
  editor =           {Pless, V. S. and Huffman, W. C.},
  booktitle =        {Handbook of Coding Theory},
  title =            {Bounds on the Size of Linear Codes},
  publisher =        {Elsevier},
  address =          {Amsterdam},
  year =             {1998},
  pages =            {295-461},
  printedkey =       {Bro98}
}
@phdthesis{ Chen69,
  author =           {Chen, C. L.},
  title =            {Some     Results     on    Algebraically    Structured
                      Error-Correcting Codes},
  school =           {University of Hawaii},
  address =          {Honolulu, USA},
  year =             {1969},
  printedkey =       {Che69},
  type =             {Doctoral Dissertation}
}
@techreport{ Zimmermann96,
  author =           {Zimmermann, K. H.},
  title =            {Integral   {H}ecke   Modules,   Integral   Generalized
                      {R}eed-{M}uller Codes, and Linear Codes},
  institution =      {Technische Universit{\"a}t Hamburg-Harburg},
  number =           {3-96},
  address =          {Hamburg, Germany},
  year =             {1996},
  printedkey =       {Zim96}
}
@article{ Gallager.1962,
  author =           {Gallager, R.},
  title =            {Low-Density Parity-Check Codes},
  journal =          {IRE Trans. Inf. Theor.},
  month =            {January},
  volume =           {IT-8},
  year =             {1962},
  pages =            {21-28},
  printedkey =       {Gal62}
}
@article{ TSSFC04,
  author =           {Tanner,  R.  and  Sridhara,  D.  and Sridharan, A. and
                      Fuja, T. and Costello Jr., D.},
  title =            {{LDPC}   Block   and   Convolutional  Codes  Based  on
                      Circulant Matrices},
  journal =          {IEEE Trans. Inform. Theory},
  month =            {December},
  volume =           {50},
  number =           {12},
  year =             {2004},
  pages =            {2966-2984},
  printedkey =       {TSSFJ04}
}
