@Misc{homalg-project,
author = "{homalg~project~authors}",
title = {The $\mathtt{homalg}$ project -- {A}lgorithmic {H}omological {A}lgebra},
year = {2003--2022},
howpublished = {(\url{https://homalg-project.github.io/prj/homalg_project})},
}
